[gd_scene load_steps=13 format=3 uid="uid://7qwtb8u7dg88"]

[ext_resource type="Script" path="res://scripts/player/player.gd" id="1_8co6i"]
[ext_resource type="Texture2D" uid="uid://bursx7np6bxki" path="res://graphics/playerGrey_walk1.png" id="1_vodrd"]
[ext_resource type="Script" path="res://scripts/player/player_sprite.gd" id="3_e1p8s"]
[ext_resource type="Texture2D" uid="uid://cyj7ekx6b7xwm" path="res://graphics/playerGrey_walk2.png" id="3_pao3o"]
[ext_resource type="Script" path="res://scripts/player/player_animation.gd" id="4_arypo"]
[ext_resource type="Texture2D" uid="uid://ueb6oqtpj8pk" path="res://graphics/playerGrey_up2.png" id="4_qeqll"]
[ext_resource type="Texture2D" uid="uid://c0wlg6k88vrdd" path="res://graphics/playerGrey_up1.png" id="5_oqvbs"]

[sub_resource type="Animation" id="Animation_v6oni"]
resource_name = "RESET"
length = 0.001
tracks/0/type = "value"
tracks/0/imported = false
tracks/0/enabled = true
tracks/0/path = NodePath(".:texture")
tracks/0/interp = 1
tracks/0/loop_wrap = true
tracks/0/keys = {
"times": PackedFloat32Array(0),
"transitions": PackedFloat32Array(1e-05),
"update": 1,
"values": [ExtResource("1_vodrd")]
}

[sub_resource type="Animation" id="Animation_4f7y4"]
resource_name = "player_walk_horizontal"
length = 0.6
loop_mode = 1
tracks/0/type = "value"
tracks/0/imported = false
tracks/0/enabled = true
tracks/0/path = NodePath(".:texture")
tracks/0/interp = 1
tracks/0/loop_wrap = true
tracks/0/keys = {
"times": PackedFloat32Array(0, 0.3),
"transitions": PackedFloat32Array(1, 1),
"update": 1,
"values": [ExtResource("1_vodrd"), ExtResource("3_pao3o")]
}

[sub_resource type="Animation" id="Animation_pj6me"]
resource_name = "player_walk_vertical"
length = 0.6
loop_mode = 1
tracks/0/type = "value"
tracks/0/imported = false
tracks/0/enabled = true
tracks/0/path = NodePath(".:texture")
tracks/0/interp = 1
tracks/0/loop_wrap = true
tracks/0/keys = {
"times": PackedFloat32Array(0, 0.3),
"transitions": PackedFloat32Array(1, 1),
"update": 1,
"values": [ExtResource("5_oqvbs"), ExtResource("4_qeqll")]
}

[sub_resource type="AnimationLibrary" id="AnimationLibrary_wurbh"]
_data = {
"RESET": SubResource("Animation_v6oni"),
"player_walk_horizontal": SubResource("Animation_4f7y4"),
"player_walk_vertical": SubResource("Animation_pj6me")
}

[sub_resource type="CapsuleShape2D" id="CapsuleShape2D_nt6iq"]
radius = 25.0
height = 50.0

[node name="Player" type="Node2D"]
script = ExtResource("1_8co6i")

[node name="PlayerSprite" type="Sprite2D" parent="."]
scale = Vector2(0.490741, 0.490741)
texture = ExtResource("1_vodrd")
script = ExtResource("3_e1p8s")

[node name="PlayerAnimation" type="AnimationPlayer" parent="PlayerSprite"]
libraries = {
"": SubResource("AnimationLibrary_wurbh")
}
script = ExtResource("4_arypo")

[node name="Area2D" type="Area2D" parent="."]

[node name="CollisionShape2D" type="CollisionShape2D" parent="Area2D"]
position = Vector2(0, -7)
shape = SubResource("CapsuleShape2D_nt6iq")
